% This file was created with JabRef 2.3b2.
% Encoding: Cp1252

@inproceedings{myers2014efficient,
	title={Efficient local alignment discovery amongst noisy long reads},
	author={Myers, Gene},
	booktitle={International Workshop on Algorithms in Bioinformatics},
	pages={52--67},
	year={2014},
	organization={Springer}
}

@article{nb,
	title={Differential expression analysis for sequence count data},
	author={Anders, Simon and Huber, Wolfgang},
	journal={Genome biology},
	volume={11},
	number={10},
	pages={R106},
	year={2010},
	publisher={BioMed Central}
}